<?xml version="1.0" encoding="UTF-8"?><record xmlns="http://www.loc.gov/MARC21/slim" xmlns:cinclude="http://apache.org/cocoon/include/1.0" xmlns:zs="http://www.loc.gov/zing/srw/">
  <leader>00564cz  a2200217n  4500</leader>
  <controlfield tag="001">n  84737288 </controlfield>
  <controlfield tag="003">DLC</controlfield>
  <controlfield tag="005">20080620072912.0</controlfield>
  <controlfield tag="008">850213n| acabaaaan          |a ana      </controlfield>
  <datafield tag="010" ind1=" " ind2=" ">
    <subfield code="a">n  84737288 </subfield>
  </datafield>
  <datafield tag="035" ind1=" " ind2=" ">
    <subfield code="a">(OCoLC)oca01263650</subfield>
  </datafield>
  <datafield tag="040" ind1=" " ind2=" ">
    <subfield code="a">DLC</subfield>
    <subfield code="b">eng</subfield>
    <subfield code="c">DLC</subfield>
    <subfield code="d">DLC</subfield>
    <subfield code="d">OCoLC</subfield>
  </datafield>
  <datafield tag="130" ind1=" " ind2="0">
    <subfield code="a">Tori no saijiki</subfield>
  </datafield>
  <datafield tag="410" ind1="2" ind2=" ">
    <subfield code="a">Nihon Yachō no Kai.</subfield>
    <subfield code="t">Tori no saijiki</subfield>
  </datafield>
  <datafield tag="640" ind1="1" ind2=" ">
    <subfield code="a">Complete in 5 v.</subfield>
    <subfield code="z">Colophon</subfield>
  </datafield>
  <datafield tag="642" ind1=" " ind2=" ">
    <subfield code="a">1</subfield>
    <subfield code="5">DLC</subfield>
  </datafield>
  <datafield tag="643" ind1=" " ind2=" ">
    <subfield code="a">Tokyo</subfield>
    <subfield code="b">Gakushū Kenkyūsha</subfield>
  </datafield>
  <datafield tag="644" ind1=" " ind2=" ">
    <subfield code="a">f</subfield>
    <subfield code="5">DLC</subfield>
  </datafield>
  <datafield tag="645" ind1=" " ind2=" ">
    <subfield code="a">t</subfield>
    <subfield code="5">DLC</subfield>
  </datafield>
  <datafield tag="646" ind1=" " ind2=" ">
    <subfield code="a">s</subfield>
    <subfield code="5">DLC</subfield>
  </datafield>
  <datafield tag="670" ind1=" " ind2=" ">
    <subfield code="a">Haru no tori, 1983:</subfield>
    <subfield code="b">t.p.</subfield>
  </datafield>
</record>